<?xml version="1.0" encoding="UTF-8"?><collection xmlns="http://www.loc.gov/MARC21/slim"><record><leader>00448nam--2200145-i-4500</leader><controlfield tag="001">000023111</controlfield><controlfield tag="002">20161230</controlfield><controlfield tag="005">20161230201034</controlfield><controlfield tag="008">060222s1000------------r-----000-0-eng-d</controlfield><datafield ind1=" " ind2=" " tag="080"><subfield code="a">51</subfield></datafield><datafield ind1=" " ind2=" " tag="100"><subfield code="a">Jacobs, Harold R</subfield></datafield><datafield ind1=" " ind2=" " tag="245"><subfield code="a">Mathematics. a human endeavor. a textbook for those who think they don`t like the subject</subfield></datafield><datafield ind1=" " ind2=" " tag="260"><subfield code="a">Sanfrancisco, W.H.Freeman And Co., 1970, Xvii + 529 P</subfield></datafield><datafield ind1=" " ind2=" " tag="490"><subfield code="a">A Series Of Books In Mathematics</subfield></datafield><datafield ind1=" " ind2=" " tag="852"><subfield code="a">36004</subfield></datafield></record></collection>